<record><leader>00000cas a2200000 a 4500</leader><controlfield tag="001">2257176</controlfield><controlfield tag="008">760620d18531861pauwr ne      0    0eng d</controlfield><datafield ind1=" " ind2=" " tag="010"><subfield code="a">sn 83025962 </subfield></datafield><datafield ind1=" " ind2=" " tag="040"><subfield code="a">PIT</subfield><subfield code="b">eng</subfield><subfield code="c">PIT</subfield><subfield code="d">NPV</subfield><subfield code="d">NPX</subfield><subfield code="d">NPH</subfield><subfield code="d">MGN</subfield><subfield code="d">OCL</subfield><subfield code="d">OCLCQ</subfield><subfield code="d">LIBRO</subfield><subfield code="d">OCLCO</subfield><subfield code="d">OCLCF</subfield></datafield><datafield ind1="1" ind2=" " tag="029"><subfield code="a">AU@</subfield><subfield code="b">000020294489</subfield></datafield><datafield ind1=" " ind2=" " tag="042"><subfield code="a">msc</subfield></datafield><datafield ind1=" " ind2=" " tag="045"><subfield code="a">w5w6</subfield></datafield><datafield ind1=" " ind2=" " tag="052"><subfield code="a">3823</subfield><subfield code="b">C3</subfield></datafield><datafield ind1="0" ind2="4" tag="245"><subfield code="a">The Allegheny Mountain echo, and Johnstown commercial advertiser and intelligencer.</subfield></datafield><datafield ind1="1" ind2="3" tag="246"><subfield code="a">Echo</subfield></datafield><datafield ind1="1" ind2="3" tag="246"><subfield code="a">Allegheny Mountain echo, Johnstown commercial advertiser and intelligencer</subfield><subfield code="f">Mar. 28-July 25, 1855</subfield></datafield><datafield ind1=" " ind2=" " tag="260"><subfield code="a">Johnstown, Pa. :</subfield><subfield code="b">G. Nelson Smith</subfield></datafield><datafield ind1=" " ind2=" " tag="300"><subfield code="a">v. ;</subfield><subfield code="c">64 cm.</subfield></datafield><datafield ind1=" " ind2=" " tag="310"><subfield code="a">Weekly</subfield></datafield><datafield ind1="1" ind2=" " tag="362"><subfield code="a">Began in 1853; ceased in Apr. 1861. Cf. Storey, H.W. Hist. of Cambria Co., Pa.</subfield></datafield><datafield ind1=" " ind2=" " tag="500"><subfield code="a">Democratic, 1853-&lt;1854&gt;.</subfield></datafield><datafield ind1=" " ind2=" " tag="500"><subfield code="a">Published every Wednesday morning.</subfield></datafield><datafield ind1=" " ind2=" " tag="500"><subfield code="a">"A family paper devoted to politics, domestic and foreign news, literature, speeches, debates, amusement, &amp; art, tales, poetry, etc."</subfield></datafield><datafield ind1=" " ind2=" " tag="500"><subfield code="a">Editors: Eml. J. Pershing, &lt;1853&gt;; George Nelson Smith, 1853-&lt;1854&gt;.</subfield></datafield><datafield ind1=" " ind2=" " tag="515"><subfield code="a">Issues for &lt;May 25, 1853-June 22, 1859&gt; called also &lt;whole no. 108-363&gt;.</subfield></datafield><datafield ind1=" " ind2=" " tag="580"><subfield code="a">Continues: Mountain echo and Johnstown commercial advertiser and intelligencer. Cf. Storey, H.W. Hist. of Cambria Co., Pa.</subfield></datafield><datafield ind1=" " ind2=" " tag="588"><subfield code="a">Description based on: New ser., v. 1, no. 4 (May 25, 1853).</subfield></datafield><datafield ind1=" " ind2="0" tag="651"><subfield code="a">Johnstown (Cambria County, Pa.)</subfield><subfield code="v">Newspapers.</subfield></datafield><datafield ind1=" " ind2="0" tag="651"><subfield code="a">Cambria County (Pa.)</subfield><subfield code="v">Newspapers.</subfield></datafield><datafield ind1=" " ind2="0" tag="651"><subfield code="a">United States</subfield><subfield code="x">History</subfield><subfield code="y">Civil War, 1861-1865</subfield><subfield code="v">Sources.</subfield></datafield><datafield ind1=" " ind2="7" tag="655"><subfield code="a">History.</subfield><subfield code="2">fast</subfield><subfield code="0">(OCoLC)fst01411628</subfield></datafield><datafield ind1=" " ind2="7" tag="655"><subfield code="a">Newspapers.</subfield><subfield code="2">fast</subfield><subfield code="0">(OCoLC)fst01423814</subfield></datafield><datafield ind1=" " ind2="7" tag="655"><subfield code="a">Sources.</subfield><subfield code="2">fast</subfield><subfield code="0">(OCoLC)fst01423900</subfield></datafield><datafield ind1="2" ind2="7" tag="611"><subfield code="a">American Civil War (1861-1865)</subfield><subfield code="2">fast</subfield><subfield code="0">(OCoLC)fst01351658</subfield></datafield><datafield ind1=" " ind2="7" tag="648"><subfield code="a">1861 - 1865</subfield><subfield code="2">fast</subfield></datafield><datafield ind1=" " ind2="7" tag="651"><subfield code="a">Pennsylvania</subfield><subfield code="z">Cambria County.</subfield><subfield code="2">fast</subfield><subfield code="0">(OCoLC)fst01204900</subfield></datafield><datafield ind1=" " ind2="7" tag="651"><subfield code="a">Pennsylvania</subfield><subfield code="z">Johnstown (Cambria County)</subfield><subfield code="2">fast</subfield><subfield code="0">(OCoLC)fst01719818</subfield></datafield><datafield ind1=" " ind2="7" tag="651"><subfield code="a">United States.</subfield><subfield code="2">fast</subfield><subfield code="0">(OCoLC)fst01204155</subfield></datafield><datafield ind1="1" ind2=" " tag="700"><subfield code="a">Smith, George Nelson.</subfield></datafield><datafield ind1=" " ind2=" " tag="752"><subfield code="a">United States</subfield><subfield code="b">Pennsylvania</subfield><subfield code="c">Cambria</subfield><subfield code="d">Johnstown.</subfield></datafield><datafield ind1="1" ind2="0" tag="780"><subfield code="t">Mountain echo, Johnstown commercial advertiser and intelligencer</subfield><subfield code="w">(DLC)sn 87079957</subfield></datafield></record>